<?xml version="1.0" encoding="UTF-8"?><collection xmlns="http://www.loc.gov/MARC21/slim"><record><leader>00624nam--2200205-i-4500</leader><controlfield tag="001">000014613</controlfield><controlfield tag="002">20161230</controlfield><controlfield tag="005">20161230201030</controlfield><controlfield tag="008">060222s1000------------r-----000-0-rus-d</controlfield><datafield ind1=" " ind2=" " tag="040"><subfield code="a">IFIN-HH</subfield></datafield><datafield ind1=" " ind2=" " tag="041"><subfield code="a">rus</subfield></datafield><datafield ind1=" " ind2=" " tag="080"><subfield code="a">539.26</subfield></datafield><datafield ind1="1" ind2=" " tag="100"><subfield code="a">Ladd, M.F.C</subfield></datafield><datafield ind1="1" ind2="0" tag="245"><subfield code="a">Priamie metodi v rentgenovskoi kristallografii</subfield><subfield code="b">Teoria i prakticeskoe primenenie</subfield><subfield code="c">M.f.c. ladd, r.a. palmer</subfield></datafield><datafield ind1=" " ind2=" " tag="260"><subfield code="a">Moskva</subfield><subfield code="b">Mir</subfield><subfield code="c">1983</subfield></datafield><datafield ind1=" " ind2=" " tag="300"><subfield code="a">414P</subfield></datafield><datafield ind1=" " ind2=" " tag="500"><subfield code="a">Titlul Original In Limba Engleza: Theory And Practice Of Direct Methods In Crystallography</subfield></datafield><datafield ind1="1" ind2=" " tag="700"><subfield code="a">Palmer, R.A</subfield></datafield><datafield ind1=" " ind2=" " tag="852"><subfield code="a">71706</subfield><subfield code="c">539.2</subfield></datafield><datafield ind1=" " ind2=" " tag="CAT"><subfield code="a">Sys</subfield><subfield code="c">20121107</subfield><subfield code="h">140610</subfield></datafield></record></collection>